<record><leader>00000cas a2200000 a 4500</leader><controlfield tag="001">24865398</controlfield><controlfield tag="008">911127c19749999pr dr ne      0   b0spa c</controlfield><datafield ind1=" " ind2=" " tag="010"><subfield code="a">sn 93063628 </subfield></datafield><datafield ind1=" " ind2=" " tag="040"><subfield code="a">RID</subfield><subfield code="b">eng</subfield><subfield code="c">RID</subfield><subfield code="d">NYS</subfield><subfield code="d">NSD</subfield><subfield code="d">NYS</subfield><subfield code="d">OCLCQ</subfield><subfield code="d">OCLCO</subfield></datafield><datafield ind1=" " ind2=" " tag="012"><subfield code="l">1</subfield></datafield><datafield ind1=" " ind2=" " tag="019"><subfield code="a">46987111</subfield></datafield><datafield ind1="0" ind2=" " tag="022"><subfield code="a">1535-6663</subfield><subfield code="l">1535-6663</subfield><subfield code="2">1</subfield></datafield><datafield ind1="1" ind2=" " tag="029"><subfield code="a">AU@</subfield><subfield code="b">000020744724</subfield></datafield><datafield ind1=" " ind2=" " tag="032"><subfield code="a">477030</subfield><subfield code="b">USPS</subfield></datafield><datafield ind1=" " ind2=" " tag="037"><subfield code="b">Caribbean International News Corp., P.O. Box 7515 San Juan, PR 00906-7515</subfield><subfield code="c">$.45 (single issue)</subfield></datafield><datafield ind1=" " ind2=" " tag="042"><subfield code="a">pcc</subfield><subfield code="a">nsdp</subfield></datafield><datafield ind1=" " ind2=" " tag="043"><subfield code="a">nwpr---</subfield></datafield><datafield ind1="1" ind2="0" tag="082"><subfield code="a">070</subfield><subfield code="2">13</subfield></datafield><datafield ind1="0" ind2=" " tag="210"><subfield code="a">Vocero P.R.</subfield></datafield><datafield ind1=" " ind2="3" tag="222"><subfield code="a">El vocero de Puerto Rico</subfield></datafield><datafield ind1="0" ind2="3" tag="245"><subfield code="a">El vocero de Puerto Rico.</subfield></datafield><datafield ind1="3" ind2="0" tag="246"><subfield code="a">Vocero</subfield></datafield><datafield ind1=" " ind2=" " tag="260"><subfield code="a">San Juan, P.R. :</subfield><subfield code="b">El Vocero,</subfield><subfield code="c">1974-</subfield></datafield><datafield ind1=" " ind2=" " tag="300"><subfield code="a">v. :</subfield><subfield code="b">ill. ;</subfield><subfield code="c">35 cm.</subfield></datafield><datafield ind1=" " ind2=" " tag="310"><subfield code="a">Daily</subfield></datafield><datafield ind1="0" ind2=" " tag="362"><subfield code="a">Vol. 1, no. 1 (29 de abril de 1974)-</subfield></datafield><datafield ind1=" " ind2=" " tag="588"><subfield code="a">Latest issue consulted: Vol. 27, no. 8362 (22 de mayo de 2001).</subfield></datafield><datafield ind1=" " ind2="0" tag="650"><subfield code="a">Puerto Ricans</subfield><subfield code="v">Newspapers.</subfield></datafield><datafield ind1=" " ind2="0" tag="650"><subfield code="a">Hispanics</subfield><subfield code="v">Newspapers.</subfield></datafield><datafield ind1=" " ind2="0" tag="651"><subfield code="a">Puerto Rico</subfield><subfield code="v">Newspapers.</subfield></datafield><datafield ind1=" " ind2="0" tag="651"><subfield code="a">San Juan (P.R.)</subfield><subfield code="v">Newspapers.</subfield></datafield><datafield ind1=" " ind2=" " tag="752"><subfield code="a">United States</subfield><subfield code="b">Puerto Rico</subfield><subfield code="d">San Juan.</subfield></datafield><datafield ind1="4" ind2="1" tag="856"><subfield code="u">http://www.vocero.com</subfield></datafield></record>